@article{RN2,
   author = {Lipo, Wang},
   title = {Analysis of the filtered non-premixed turbulent flame},
   journal = {Combustion and Flame},
   volume = {175},
   pages = {259-269},
   year = {2017},
   type = {Journal Article}
}

@phdthesis{RN1,
   author = {Pierce, Charles David and Moin, Parviz},
   title = {Progress-variable approach for large-eddy simulation of turbulent combustion},
   university = {Stanford University},
   year = {2001},
   type = {Thesis}
}

@article{RN4,
   author = {Pierce, Charles D and Moin, Parviz},
   title = {Progress-variable approach for large-eddy simulation of non-premixed turbulent combustion},
   journal = {Journal of Fluid Mechanics},
   volume = {504},
   number = {504},
   pages = {73-97},
   year = {2004},
   type = {Journal Article}
}