@article{RN5,
   author = {Chen, Yuntao and Ihme, Matthias},
   title = {Large-eddy simulation of a piloted premixed jet burner},
   journal = {Combustion and Flame},
   volume = {160},
   number = {12},
   pages = {2896-2910},
   ISSN = {0010-2180},
   year = {2013},
   type = {Journal Article}
}

@article{RN14,
   author = {Dimotakis, P. E.},
   title = {The mixing transition in turbulent flows},
   journal = {Journal of Fluid Mechanics},
   volume = {409},
   pages = {69-98},
   ISSN = {0022-1120},
   DOI = {10.1017/s0022112099007946},
   url = {<Go to ISI>://WOS:000086868600006},
   year = {2000},
   type = {Journal Article}
}

@article{RN11,
   author = {Grcar, Joseph F},
   title = {The Twopnt program for boundary value problems},
   journal = {Sandia National Laboratories Report SAND91-8230},
   year = {1992},
   type = {Journal Article}
}

@article{RN10,
   author = {Kee, RJ and Rupley, FM and Miller, JA and Coltrin, ME and Grcar, JF and Meeks, E and Moffat, HK and Lutz, AE and Dixon-Lewis, G and Smooke, MD},
   title = {PREMIX: A program for modeling steady, laminar, one-dimensional premixed flames},
   journal = {Reaction Design, Inc., San Diego, CA},
   year = {2001},
   type = {Journal Article}
}

@article{RN6,
   author = {Kim, John and Moin, Parviz and Moser, Robert},
   title = {Turbulence statistics in fully developed channel flow at low Reynolds number},
   journal = {Journal of fluid mechanics},
   volume = {177},
   pages = {133-166},
   ISSN = {1469-7645},
   year = {1987},
   type = {Journal Article}
}

@book{RN7,
   author = {Law, Chung K},
   title = {Combustion physics},
   publisher = {Cambridge university press},
   ISBN = {1139459244},
   year = {2010},
   type = {Book}
}

@article{RN2,
   author = {Lipo, Wang},
   title = {Analysis of the filtered non-premixed turbulent flame},
   journal = {Combustion and Flame},
   volume = {175},
   pages = {259-269},
   year = {2017},
   type = {Journal Article}
}

@techreport{RN12,
   author = {Lutz, Andrew E and Kee, Robert J and Grcar, Joseph F and Rupley, Fran M},
   title = {OPPDIF: A Fortran program for computing opposed-flow diffusion flames},
   institution = {Sandia National Labs., Livermore, CA (United States)},
   year = {1997},
   type = {Report}
}

@article{RN13,
   author = {Peters, N.},
   title = {The turbulent burning velocity for large-scale and small-scale turbulence},
   journal = {Journal of Fluid Mechanics},
   volume = {384},
   pages = {107-132},
   ISSN = {0022-1120},
   DOI = {10.1017/s0022112098004212},
   url = {<Go to ISI>://WOS:000080560600005},
   year = {1999},
   type = {Journal Article}
}

@article{RN3,
   author = {Pierce, Charles D. and Moin, Parviz},
   title = {A dynamic model for subgrid-scale variance and dissipation rate of a conserved scalar},
   journal = {Physics of Fluids},
   volume = {10},
   number = {12},
   pages = {3041-3044},
   year = {1998},
   type = {Journal Article}
}

@phdthesis{RN1,
   author = {Pierce, Charles David and Moin, Parviz},
   title = {Progress-variable approach for large-eddy simulation of turbulent combustion},
   university = {Stanford University},
   year = {2001},
   type = {Thesis}
}

@article{RN4,
   author = {Pierce, Charles D and Moin, Parviz},
   title = {Progress-variable approach for large-eddy simulation of non-premixed turbulent combustion},
   journal = {Journal of Fluid Mechanics},
   volume = {504},
   number = {504},
   pages = {73-97},
   year = {2004},
   type = {Journal Article}
}

@article{RN9,
   author = {Pitsch, Heinz},
   title = {LARGE-EDDY SIMULATION OF TURBULENT COMBUSTION},
   journal = {Annual Review of Fluid Mechanics},
   volume = {38},
   number = {1},
   pages = {453-482},
   year = {2006},
   type = {Journal Article}
}

@phdthesis{RN15,
   author = {陆阳},
   title = {燃烧计算中火焰面模型的研究},
   university = {中国科学技术大学},
   type = {博士},
   year = {2009},
   type = {Thesis}
}

