@article{Markel1976Linear,
  title={Linear Prediction of Speech},
  author={Markel, John D. and Jr, Augustine H. Gray},
  journal={Communication & Cybernetics},
  volume={53},
  number={3},
  pages={266-267},
  year={1976},
 keywords={Books;Equations;Filters;Mathematics;Polynomials;Reflection;Sections;Signal synthesis;Speech processing;Speech synthesis},
 abstract={Linear Prediction of Speech, 978-3-642-66288-1, 3642662889  ,9783642662881,  Sprachsynthese, Ficción,Libros de ni?os y de la Juventud,Humanidades, Arte, Música,Naturales, Ciencias Médicas, Informática, Tecnología,Ciencias sociales, derecho, economía,Escuela y el aprendizaje,Libro especializado,Viajes,Consejero,Otros},
}

@book{Markel1982Linear,
  title={Linear Prediction of Speech},
  author={Markel, John E. and Gray, A. H.},
  publisher={Springer-Verlag New York, Inc.},
  pages={266-267},
  year={1982},
 keywords={Books;Equations;Filters;Mathematics;Polynomials;Reflection;Sections;Signal synthesis;Speech processing;Speech synthesis},
 abstract={Linear Prediction of Speech, 978-3-642-66288-1, 3642662889  ,9783642662881,  Sprachsynthese, Ficción,Libros de ni?os y de la Juventud,Humanidades, Arte, Música,Naturales, Ciencias Médicas, Informática, Tecnología,Ciencias sociales, derecho, economía,Escuela y el aprendizaje,Libro especializado,Viajes,Consejero,Otros},
}

@book{szy_matlab,
  title={MATLAB在语音信号分析与合成中的应用},
  author={宋知用},
  publisher={北京航空航天大学出版社},
  year={2013},
 abstract={语音信号处理是数字信号处理的一个重要分支。 《MATLAB在语音信号分析与合成中的应用》含有许多数字信号处理的方法和MATLAB函数。 全书共10章。第1～4章介绍语音信号处理的一些基本分析方法和手段,以及相应的MATLAB函数;第5～ 9章介绍语音信号预处理和特征的提取,包括消除趋势项和基本的减噪方法,以及端点检测、基音的提取和共振峰的提取,并利用语音信号处理的基本方法,给出了多种提取方法和相应的MATLAB程序;第10章结合各种参数的检测介绍了语音信号的合成、语音信号的变速和变调处理,还介绍了时域基音同步叠加(TD― PSOLA)的语音合成,并给出了相应的MATLAB程序。 附录A中给出了调试复杂程序的方法和思路。 宋知用编著的《MATLAB在语音信号分析与合成中的应用》可作为从事语音信号处理的本科高年级学生、研究生或科研工程技术人员的辅助读物,也可作为从事信号处理研究与应用的科研工程技术人员的参考用书。},
}